<record><leader>00000cas a22000007a 4500</leader><controlfield tag="001">9319601</controlfield><controlfield tag="008">830318c19779999txudn ne      0   a0eng d</controlfield><datafield ind1=" " ind2=" " tag="010"><subfield code="a">sn 83007168 </subfield></datafield><datafield ind1=" " ind2=" " tag="040"><subfield code="a">NSD</subfield><subfield code="b">eng</subfield><subfield code="c">NSD</subfield><subfield code="d">PPM</subfield><subfield code="d">OCL</subfield><subfield code="d">OCLCQ</subfield></datafield><datafield ind1=" " ind2=" " tag="012"><subfield code="m">1</subfield></datafield><datafield ind1="1" ind2=" " tag="022"><subfield code="a">0745-6425</subfield><subfield code="l">0745-6425</subfield><subfield code="2">1</subfield></datafield><datafield ind1="1" ind2=" " tag="029"><subfield code="a">AU@</subfield><subfield code="b">000020395346</subfield></datafield><datafield ind1=" " ind2=" " tag="032"><subfield code="a">144560</subfield><subfield code="b">USPS</subfield></datafield><datafield ind1=" " ind2=" " tag="037"><subfield code="b">The News-Telegram, P.O. Box 598, Sulphur Springs, TX 75482</subfield></datafield><datafield ind1=" " ind2=" " tag="042"><subfield code="a">nsdp</subfield></datafield><datafield ind1=" " ind2="0" tag="222"><subfield code="a">Sulphur Springs news-telegram</subfield></datafield><datafield ind1="0" ind2="0" tag="245"><subfield code="a">Sulphur Springs news-telegram.</subfield></datafield><datafield ind1="3" ind2=" " tag="246"><subfield code="a">Sulphur Springs news telegram</subfield></datafield><datafield ind1="0" ind2="7" tag="246"><subfield code="a">News-telegram</subfield></datafield><datafield ind1=" " ind2=" " tag="260"><subfield code="a">[Sulphur Springs, Tx. :</subfield><subfield code="b">Clarke Keys,</subfield></datafield><datafield ind1=" " ind2=" " tag="310"><subfield code="a">Daily (except Saturday, New Year's, Independence &amp; Labor days, Thanksgiving and Christmas)</subfield></datafield><datafield ind1="0" ind2=" " tag="362"><subfield code="a">Vol. 99, no. 204 (Aug. 29, 1977)- .</subfield></datafield><datafield ind1=" " ind2=" " tag="752"><subfield code="a">United States</subfield><subfield code="b">Texas</subfield><subfield code="c">Hopkins</subfield><subfield code="d">Sulphur Springs.</subfield></datafield><datafield ind1="0" ind2="0" tag="780"><subfield code="t">Daily news-telegram (Sulphur Springs, Tex. : 1898)</subfield><subfield code="w">(DLC)sn 86088068</subfield></datafield><datafield ind1=" " ind2=" " tag="936"><subfield code="a">Mar. 4, 1983</subfield></datafield></record>